[gd_scene load_steps=9 format=3 uid="uid://dr63clau7ru1a"]

[ext_resource type="Script" path="res://Scripts/Player/PlayerController.gd" id="1_whltn"]
[ext_resource type="Texture2D" uid="uid://4wnj70xbbqrd" path="res://Assets/Placeholder Images/locke_walking.png" id="2_56mpm"]
[ext_resource type="Texture2D" uid="uid://v3uavyqb4p53" path="res://Assets/Placeholder Images/hud_heartFull.png" id="3_jouwf"]
[ext_resource type="Texture2D" uid="uid://cwpiyna6ug6p5" path="res://Assets/Placeholder Images/plus.png" id="3_xmv2e"]
[ext_resource type="Texture2D" uid="uid://bpqb63lpwnxjo" path="res://Assets/Placeholder Images/Locke_kneeling.png" id="4_r2p76"]
[ext_resource type="PackedScene" uid="uid://cuhn3q3hns5hv" path="res://Scenes/GameOverUI.tscn" id="5_ox2da"]

[sub_resource type="CapsuleShape2D" id="CapsuleShape2D_ua841"]
radius = 31.0
height = 110.0

[sub_resource type="CapsuleShape2D" id="CapsuleShape2D_2ohgb"]
radius = 26.0
height = 102.0

[node name="Player" type="CharacterBody2D" groups=["Player"]]
collision_layer = 2
collision_mask = 2
script = ExtResource("1_whltn")

[node name="GameOverUI" parent="." instance=ExtResource("5_ox2da")]
visible = false
offset_left = -575.0
offset_top = -328.0
offset_right = -575.0
offset_bottom = -328.0
focus_mode = 2

[node name="Camera2D" type="Camera2D" parent="."]
zoom = Vector2(0.8, 0.8)
position_smoothing_enabled = true

[node name="Sprite" type="Sprite2D" parent="."]
z_index = 11
texture_filter = 1
scale = Vector2(-4, 4)
texture = ExtResource("2_56mpm")
hframes = 3
vframes = 3
frame = 7

[node name="StunnedSprite" type="Sprite2D" parent="."]
visible = false
z_index = 11
texture_filter = 1
position = Vector2(2.38419e-07, 8)
scale = Vector2(4, 4)
texture = ExtResource("4_r2p76")

[node name="HealthUI" type="Node2D" parent="."]

[node name="Heart1" type="Sprite2D" parent="HealthUI"]
position = Vector2(-48, 88)
scale = Vector2(0.788889, 0.788888)
texture = ExtResource("3_jouwf")

[node name="Heart2" type="Sprite2D" parent="HealthUI"]
position = Vector2(4.76837e-07, 88)
scale = Vector2(0.788889, 0.788888)
texture = ExtResource("3_jouwf")

[node name="Heart3" type="Sprite2D" parent="HealthUI"]
position = Vector2(48, 88)
scale = Vector2(0.788889, 0.788888)
texture = ExtResource("3_jouwf")

[node name="Plus" type="Sprite2D" parent="HealthUI"]
position = Vector2(76, 67)
scale = Vector2(0.39, 0.39)
texture = ExtResource("3_xmv2e")

[node name="PlayerCollisionShape" type="CollisionShape2D" parent="."]
shape = SubResource("CapsuleShape2D_ua841")
metadata/_edit_lock_ = true

[node name="Hitbox" type="Area2D" parent="."]
metadata/_edit_lock_ = true

[node name="HitboxShape" type="CollisionShape2D" parent="Hitbox"]
shape = SubResource("CapsuleShape2D_2ohgb")
metadata/_edit_lock_ = true

[node name="I-Frame Timer" type="Timer" parent="."]
one_shot = true

[node name="Walk-Animation-Timer" type="Timer" parent="."]
wait_time = 0.2
autostart = true

[node name="Dash-Window-Timer" type="Timer" parent="."]
one_shot = true

[node name="Dash-Move-Timer" type="Timer" parent="."]

[connection signal="timeout" from="I-Frame Timer" to="." method="_on_i_frame_timer_timeout"]
[connection signal="timeout" from="Walk-Animation-Timer" to="." method="_on_walk_animation_timer_timeout"]
[connection signal="timeout" from="Dash-Move-Timer" to="." method="_on_dash_move_timer_timeout"]
