[gd_scene load_steps=22 format=3 uid="uid://bmtdqvsop2aqe"]

[ext_resource type="FontFile" uid="uid://bv0a2r3k4hehc" path="res://Assets/Fonts/Final-Fantasy.ttf" id="1_8vt8a"]
[ext_resource type="Script" path="res://Scenes/Menus/OptionsMenu.gd" id="1_toy2l"]
[ext_resource type="Texture2D" uid="uid://dualqd26khqrg" path="res://Assets/Placeholder Images/cursor.png" id="2_270xd"]

[sub_resource type="Animation" id="Animation_jowf1"]
length = 0.001
tracks/0/type = "value"
tracks/0/imported = false
tracks/0/enabled = true
tracks/0/path = NodePath("Container:position")
tracks/0/interp = 1
tracks/0/loop_wrap = true
tracks/0/keys = {
"times": PackedFloat32Array(0),
"transitions": PackedFloat32Array(1),
"update": 0,
"values": [Vector2(0, 0)]
}

[sub_resource type="Animation" id="Animation_ato6e"]
resource_name = "Transition_In"
length = 0.6
tracks/0/type = "value"
tracks/0/imported = false
tracks/0/enabled = true
tracks/0/path = NodePath("Container:position")
tracks/0/interp = 2
tracks/0/loop_wrap = true
tracks/0/keys = {
"times": PackedFloat32Array(0, 0.6),
"transitions": PackedFloat32Array(1, 4.43828),
"update": 0,
"values": [Vector2(1280, 0), Vector2(0, 0)]
}

[sub_resource type="Animation" id="Animation_3guuf"]
resource_name = "Transition_Out"
length = 0.8
tracks/0/type = "value"
tracks/0/imported = false
tracks/0/enabled = true
tracks/0/path = NodePath("Container:position")
tracks/0/interp = 2
tracks/0/loop_wrap = true
tracks/0/keys = {
"times": PackedFloat32Array(0, 0.7),
"transitions": PackedFloat32Array(0.307787, 5.65689),
"update": 0,
"values": [Vector2(0, 0), Vector2(1280, 0)]
}
tracks/1/type = "method"
tracks/1/imported = false
tracks/1/enabled = true
tracks/1/path = NodePath(".")
tracks/1/interp = 1
tracks/1/loop_wrap = true
tracks/1/keys = {
"times": PackedFloat32Array(0.8),
"transitions": PackedFloat32Array(1),
"values": [{
"args": [],
"method": &"return_to_main_menu_scene"
}]
}

[sub_resource type="AnimationLibrary" id="AnimationLibrary_2tu2j"]
_data = {
"RESET": SubResource("Animation_jowf1"),
"Transition_In": SubResource("Animation_ato6e"),
"Transition_Out": SubResource("Animation_3guuf")
}

[sub_resource type="LabelSettings" id="LabelSettings_gnr6a"]
font = ExtResource("1_8vt8a")
font_size = 44

[sub_resource type="LabelSettings" id="LabelSettings_ydqcn"]
font = ExtResource("1_8vt8a")
font_size = 22

[sub_resource type="LabelSettings" id="LabelSettings_ki7ky"]
font = ExtResource("1_8vt8a")
font_size = 22

[sub_resource type="LabelSettings" id="LabelSettings_qp6ff"]
font = ExtResource("1_8vt8a")
font_size = 22

[sub_resource type="Animation" id="Animation_10qn1"]
resource_name = "Options_Unselected"
length = 0.001
loop_mode = 1
tracks/0/type = "value"
tracks/0/imported = false
tracks/0/enabled = true
tracks/0/path = NodePath("Cursor:visible")
tracks/0/interp = 1
tracks/0/loop_wrap = true
tracks/0/keys = {
"times": PackedFloat32Array(0),
"transitions": PackedFloat32Array(1),
"update": 1,
"values": [false]
}

[sub_resource type="Animation" id="Animation_iosmc"]
resource_name = "Options_Selected"
length = 0.7
loop_mode = 1
tracks/0/type = "value"
tracks/0/imported = false
tracks/0/enabled = true
tracks/0/path = NodePath("Cursor:visible")
tracks/0/interp = 1
tracks/0/loop_wrap = true
tracks/0/keys = {
"times": PackedFloat32Array(0),
"transitions": PackedFloat32Array(1),
"update": 1,
"values": [true]
}
tracks/1/type = "value"
tracks/1/imported = false
tracks/1/enabled = true
tracks/1/path = NodePath("Cursor:position")
tracks/1/interp = 2
tracks/1/loop_wrap = true
tracks/1/keys = {
"times": PackedFloat32Array(0, 0.2, 0.6),
"transitions": PackedFloat32Array(1, 1, 1),
"update": 0,
"values": [Vector2(258, 15), Vector2(267, 15), Vector2(258, 15)]
}

[sub_resource type="Animation" id="Animation_8pu83"]
length = 0.001
tracks/0/type = "value"
tracks/0/imported = false
tracks/0/enabled = true
tracks/0/path = NodePath("Cursor:position")
tracks/0/interp = 1
tracks/0/loop_wrap = true
tracks/0/keys = {
"times": PackedFloat32Array(0),
"transitions": PackedFloat32Array(1),
"update": 0,
"values": [Vector2(270, 15)]
}

[sub_resource type="AnimationLibrary" id="AnimationLibrary_dhywp"]
_data = {
"Options_Selected": SubResource("Animation_iosmc"),
"Options_Unselected": SubResource("Animation_10qn1"),
"RESET": SubResource("Animation_8pu83")
}

[sub_resource type="Animation" id="Animation_4huvd"]
resource_name = "Hint"
length = 0.7
loop_mode = 1
tracks/0/type = "value"
tracks/0/imported = false
tracks/0/enabled = true
tracks/0/path = NodePath("Cursor:position")
tracks/0/interp = 2
tracks/0/loop_wrap = true
tracks/0/keys = {
"times": PackedFloat32Array(0, 0.2, 0.6),
"transitions": PackedFloat32Array(1, 1, 1),
"update": 0,
"values": [Vector2(125, 72), Vector2(120, 72), Vector2(125, 72)]
}

[sub_resource type="Animation" id="Animation_j4ip2"]
length = 0.001
tracks/0/type = "value"
tracks/0/imported = false
tracks/0/enabled = true
tracks/0/path = NodePath("Cursor:position")
tracks/0/interp = 1
tracks/0/loop_wrap = true
tracks/0/keys = {
"times": PackedFloat32Array(0),
"transitions": PackedFloat32Array(1),
"update": 0,
"values": [Vector2(120, 72)]
}

[sub_resource type="Animation" id="Animation_wk4mm"]
resource_name = "confirmed"
length = 0.7
tracks/0/type = "value"
tracks/0/imported = false
tracks/0/enabled = true
tracks/0/path = NodePath("Cursor:visible")
tracks/0/interp = 1
tracks/0/loop_wrap = true
tracks/0/keys = {
"times": PackedFloat32Array(0),
"transitions": PackedFloat32Array(1),
"update": 1,
"values": [false]
}
tracks/1/type = "value"
tracks/1/imported = false
tracks/1/enabled = true
tracks/1/path = NodePath("Label:position")
tracks/1/interp = 2
tracks/1/loop_wrap = true
tracks/1/keys = {
"times": PackedFloat32Array(0, 0.7),
"transitions": PackedFloat32Array(1, 1),
"update": 0,
"values": [Vector2(37, 0), Vector2(1125, 0)]
}

[sub_resource type="Animation" id="Animation_mktpi"]
resource_name = "not_selected"
tracks/0/type = "value"
tracks/0/imported = false
tracks/0/enabled = true
tracks/0/path = NodePath("Cursor:visible")
tracks/0/interp = 1
tracks/0/loop_wrap = true
tracks/0/keys = {
"times": PackedFloat32Array(0),
"transitions": PackedFloat32Array(1),
"update": 1,
"values": [false]
}
tracks/1/type = "value"
tracks/1/imported = false
tracks/1/enabled = true
tracks/1/path = NodePath("Label:position")
tracks/1/interp = 1
tracks/1/loop_wrap = true
tracks/1/keys = {
"times": PackedFloat32Array(0),
"transitions": PackedFloat32Array(1),
"update": 0,
"values": [Vector2(0, 0)]
}

[sub_resource type="Animation" id="Animation_4x4st"]
resource_name = "selected"
length = 0.7
loop_mode = 1
tracks/0/type = "value"
tracks/0/imported = false
tracks/0/enabled = true
tracks/0/path = NodePath("Cursor:visible")
tracks/0/interp = 1
tracks/0/loop_wrap = true
tracks/0/keys = {
"times": PackedFloat32Array(0, 0.0001),
"transitions": PackedFloat32Array(1, 1),
"update": 1,
"values": [false, true]
}
tracks/1/type = "value"
tracks/1/imported = false
tracks/1/enabled = true
tracks/1/path = NodePath("Label:position")
tracks/1/interp = 1
tracks/1/loop_wrap = true
tracks/1/keys = {
"times": PackedFloat32Array(0),
"transitions": PackedFloat32Array(1),
"update": 0,
"values": [Vector2(37, 0)]
}
tracks/2/type = "value"
tracks/2/imported = false
tracks/2/enabled = true
tracks/2/path = NodePath("Cursor:position")
tracks/2/interp = 2
tracks/2/loop_wrap = true
tracks/2/keys = {
"times": PackedFloat32Array(0, 0.2, 0.6),
"transitions": PackedFloat32Array(1, 1, 1),
"update": 0,
"values": [Vector2(269, 13), Vector2(288, 13), Vector2(269, 13)]
}

[sub_resource type="AnimationLibrary" id="AnimationLibrary_f8fqe"]
_data = {
"Hint": SubResource("Animation_4huvd"),
"RESET": SubResource("Animation_j4ip2"),
"confirmed": SubResource("Animation_wk4mm"),
"not_selected": SubResource("Animation_mktpi"),
"selected": SubResource("Animation_4x4st")
}

[node name="OptionsMenu" type="Node2D"]
script = ExtResource("1_toy2l")
metadata/_edit_vertical_guides_ = [640.0]
metadata/_edit_horizontal_guides_ = [360.0]

[node name="AnimationPlayer" type="AnimationPlayer" parent="."]
autoplay = "Transition_In"
libraries = {
"": SubResource("AnimationLibrary_2tu2j")
}

[node name="Container" type="Node2D" parent="."]

[node name="Label2" type="Label" parent="Container"]
offset_left = 524.0
offset_top = 48.0
offset_right = 756.0
offset_bottom = 101.0
text = "Options"
label_settings = SubResource("LabelSettings_gnr6a")
horizontal_alignment = 1
metadata/_edit_use_anchors_ = true

[node name="Label3" type="Label" parent="Container"]
offset_left = 271.0
offset_top = 115.0
offset_right = 1009.0
offset_bottom = 168.0
text = "(Are not saved yet and lost when quitting. Sorry.)"
label_settings = SubResource("LabelSettings_ydqcn")
horizontal_alignment = 1
metadata/_edit_use_anchors_ = true

[node name="Label4" type="Label" parent="Container"]
offset_left = 271.0
offset_top = 464.0
offset_right = 1009.0
offset_bottom = 517.0
text = "Accessibilty Settings"
label_settings = SubResource("LabelSettings_ydqcn")
horizontal_alignment = 1
metadata/_edit_use_anchors_ = true

[node name="Options" type="Node2D" parent="Container"]
position = Vector2(1, 0)

[node name="Volume" type="Node2D" parent="Container/Options"]
position = Vector2(374, 333)

[node name="Label" type="Label" parent="Container/Options/Volume"]
offset_left = 16.0
offset_right = 215.0
offset_bottom = 28.0
text = "Volume"
label_settings = SubResource("LabelSettings_ki7ky")
horizontal_alignment = 2
metadata/_edit_use_anchors_ = true

[node name="Value" type="Label" parent="Container/Options/Volume"]
offset_left = 321.0
offset_right = 587.0
offset_bottom = 34.0
text = "<||||||||||>"
label_settings = SubResource("LabelSettings_qp6ff")
metadata/_edit_use_anchors_ = true

[node name="Cursor" type="Sprite2D" parent="Container/Options/Volume"]
texture_filter = 1
position = Vector2(270, 15)
scale = Vector2(4, 4)
texture = ExtResource("2_270xd")

[node name="AnimationPlayer" type="AnimationPlayer" parent="Container/Options/Volume"]
autoplay = "Options_Selected"
libraries = {
"": SubResource("AnimationLibrary_dhywp")
}

[node name="Fullscreen" type="Node2D" parent="Container/Options"]
position = Vector2(374, 380)

[node name="Label" type="Label" parent="Container/Options/Fullscreen"]
offset_left = 16.0
offset_right = 215.0
offset_bottom = 28.0
text = "Fullscreen"
label_settings = SubResource("LabelSettings_ki7ky")
horizontal_alignment = 2
metadata/_edit_use_anchors_ = true

[node name="Value" type="Label" parent="Container/Options/Fullscreen"]
offset_left = 321.0
offset_right = 587.0
offset_bottom = 34.0
text = "Disabled"
label_settings = SubResource("LabelSettings_qp6ff")
metadata/_edit_use_anchors_ = true

[node name="Cursor" type="Sprite2D" parent="Container/Options/Fullscreen"]
visible = false
texture_filter = 1
position = Vector2(270, 15)
scale = Vector2(4, 4)
texture = ExtResource("2_270xd")

[node name="AnimationPlayer" type="AnimationPlayer" parent="Container/Options/Fullscreen"]
libraries = {
"": SubResource("AnimationLibrary_dhywp")
}

[node name="DashByFlick" type="Node2D" parent="Container/Options"]
position = Vector2(374, 521)

[node name="Label" type="Label" parent="Container/Options/DashByFlick"]
offset_left = 16.0
offset_right = 215.0
offset_bottom = 28.0
text = "Dash by Flick"
label_settings = SubResource("LabelSettings_ki7ky")
horizontal_alignment = 2
metadata/_edit_use_anchors_ = true

[node name="Value" type="Label" parent="Container/Options/DashByFlick"]
offset_left = 321.0
offset_right = 587.0
offset_bottom = 34.0
text = "Enabled"
label_settings = SubResource("LabelSettings_qp6ff")
metadata/_edit_use_anchors_ = true

[node name="Cursor" type="Sprite2D" parent="Container/Options/DashByFlick"]
visible = false
texture_filter = 1
position = Vector2(270, 15)
scale = Vector2(4, 4)
texture = ExtResource("2_270xd")

[node name="AnimationPlayer" type="AnimationPlayer" parent="Container/Options/DashByFlick"]
libraries = {
"": SubResource("AnimationLibrary_dhywp")
}

[node name="DashByDoubleTap" type="Node2D" parent="Container/Options"]
position = Vector2(374, 562)

[node name="Label" type="Label" parent="Container/Options/DashByDoubleTap"]
offset_left = -76.0
offset_right = 216.0
offset_bottom = 28.0
text = "Dash by Double Tap"
label_settings = SubResource("LabelSettings_ki7ky")
horizontal_alignment = 2
metadata/_edit_use_anchors_ = true

[node name="Value" type="Label" parent="Container/Options/DashByDoubleTap"]
offset_left = 321.0
offset_right = 587.0
offset_bottom = 34.0
text = "Enabled"
label_settings = SubResource("LabelSettings_qp6ff")
metadata/_edit_use_anchors_ = true

[node name="Cursor" type="Sprite2D" parent="Container/Options/DashByDoubleTap"]
visible = false
texture_filter = 1
position = Vector2(270, 15)
scale = Vector2(4, 4)
texture = ExtResource("2_270xd")

[node name="AnimationPlayer" type="AnimationPlayer" parent="Container/Options/DashByDoubleTap"]
libraries = {
"": SubResource("AnimationLibrary_dhywp")
}

[node name="DashByButton" type="Node2D" parent="Container/Options"]
position = Vector2(374, 602)

[node name="Label" type="Label" parent="Container/Options/DashByButton"]
offset_left = -166.0
offset_right = 215.0
offset_bottom = 34.0
text = "Dash via A Button / Space"
label_settings = SubResource("LabelSettings_ki7ky")
horizontal_alignment = 2
metadata/_edit_use_anchors_ = true

[node name="Value" type="Label" parent="Container/Options/DashByButton"]
offset_left = 321.0
offset_right = 587.0
offset_bottom = 34.0
text = "Disabled"
label_settings = SubResource("LabelSettings_qp6ff")
metadata/_edit_use_anchors_ = true

[node name="Cursor" type="Sprite2D" parent="Container/Options/DashByButton"]
visible = false
texture_filter = 1
position = Vector2(270, 15)
scale = Vector2(4, 4)
texture = ExtResource("2_270xd")

[node name="AnimationPlayer" type="AnimationPlayer" parent="Container/Options/DashByButton"]
libraries = {
"": SubResource("AnimationLibrary_dhywp")
}

[node name="Back_Hint" type="Node2D" parent="Container"]
position = Vector2(-39, 329)

[node name="Label" type="Label" parent="Container/Back_Hint"]
offset_left = 32.0
offset_top = 15.0
offset_right = 212.0
offset_bottom = 43.0
text = "Back"
label_settings = SubResource("LabelSettings_qp6ff")
horizontal_alignment = 1
metadata/_edit_use_anchors_ = true

[node name="Cursor" type="Sprite2D" parent="Container/Back_Hint"]
texture_filter = 1
position = Vector2(120, 72)
scale = Vector2(-4, 4)
texture = ExtResource("2_270xd")

[node name="AnimationPlayer" type="AnimationPlayer" parent="Container/Back_Hint"]
autoplay = "Hint"
libraries = {
"": SubResource("AnimationLibrary_f8fqe")
}
